%YAML 1.1
%TAG !u! tag:unity3d.com,2011:
--- !u!1 &1868732125010265391
GameObject:
  m_ObjectHideFlags: 0
  m_CorrespondingSourceObject: {fileID: 0}
  m_PrefabInstance: {fileID: 0}
  m_PrefabAsset: {fileID: 0}
  serializedVersion: 6
  m_Component:
  - component: {fileID: 1868732125010265389}
  - component: {fileID: 2319928017535446175}
  m_Layer: 0
  m_Name: GlassPieceManagerLevelTwoOutsideConservatory
  m_TagString: Untagged
  m_Icon: {fileID: 0}
  m_NavMeshLayer: 0
  m_StaticEditorFlags: 0
  m_IsActive: 1
--- !u!4 &1868732125010265389
Transform:
  m_ObjectHideFlags: 0
  m_CorrespondingSourceObject: {fileID: 0}
  m_PrefabInstance: {fileID: 0}
  m_PrefabAsset: {fileID: 0}
  m_GameObject: {fileID: 1868732125010265391}
  m_LocalRotation: {x: -0, y: -0, z: -0, w: 1}
  m_LocalPosition: {x: 0, y: 0, z: 0}
  m_LocalScale: {x: 1, y: 1, z: 1}
  m_Children:
  - {fileID: 1868732123693003934}
  - {fileID: 4680322017493195138}
  - {fileID: 1868732123296283983}
  - {fileID: 1868732124943882736}
  m_Father: {fileID: 0}
  m_RootOrder: 0
  m_LocalEulerAnglesHint: {x: 0, y: 0, z: 0}
--- !u!114 &2319928017535446175
MonoBehaviour:
  m_ObjectHideFlags: 0
  m_CorrespondingSourceObject: {fileID: 0}
  m_PrefabInstance: {fileID: 0}
  m_PrefabAsset: {fileID: 0}
  m_GameObject: {fileID: 1868732125010265391}
  m_Enabled: 1
  m_EditorHideFlags: 0
  m_Script: {fileID: 11500000, guid: a47175aab9d543143b40bea7f23f1433, type: 3}
  m_Name: 
  m_EditorClassIdentifier: 
  _glassPieces:
  - GlassPiece: {fileID: 1868732123693003933}
    IsEnabledAtFirst: 1
    SpriteToShow: {fileID: 21300000, guid: b9ae4cf0262c3dc498426ccde6e0e945, type: 3}
    Localization: container
  - GlassPiece: {fileID: 4680322017493195139}
    IsEnabledAtFirst: 1
    SpriteToShow: {fileID: 21300000, guid: 2634074c466905d4789d814c51a0f47b, type: 3}
    Localization: childrenPark
  - GlassPiece: {fileID: 1868732123296283982}
    IsEnabledAtFirst: 0
    SpriteToShow: {fileID: 21300000, guid: 12ff2ef8f955eaa408930c5aad3d5938, type: 3}
    Localization: Lock
  - GlassPiece: {fileID: 1868732124943882735}
    IsEnabledAtFirst: 1
    SpriteToShow: {fileID: 21300000, guid: ac59b0cff0a07224aa4898a43907e9f9, type: 3}
    Localization: EntranceConservatory
--- !u!1001 &1833777982413746906
PrefabInstance:
  m_ObjectHideFlags: 0
  serializedVersion: 2
  m_Modification:
    m_TransformParent: {fileID: 1868732125010265389}
    m_Modifications:
    - target: {fileID: 1831084017, guid: c5c9713c6b1bedb4289c631e0bbc29df, type: 3}
      propertyPath: m_Size.x
      value: 0.40912056
      objectReference: {fileID: 0}
    - target: {fileID: 1831084017, guid: c5c9713c6b1bedb4289c631e0bbc29df, type: 3}
      propertyPath: m_Size.y
      value: 0.6469976
      objectReference: {fileID: 0}
    - target: {fileID: 1831084017, guid: c5c9713c6b1bedb4289c631e0bbc29df, type: 3}
      propertyPath: m_Size.z
      value: 0.08016763
      objectReference: {fileID: 0}
    - target: {fileID: 1831084017, guid: c5c9713c6b1bedb4289c631e0bbc29df, type: 3}
      propertyPath: m_Center.x
      value: 0.0028505325
      objectReference: {fileID: 0}
    - target: {fileID: 1831084017, guid: c5c9713c6b1bedb4289c631e0bbc29df, type: 3}
      propertyPath: m_Center.y
      value: 0.018947542
      objectReference: {fileID: 0}
    - target: {fileID: 1831084017, guid: c5c9713c6b1bedb4289c631e0bbc29df, type: 3}
      propertyPath: m_Center.z
      value: -0.0022236109
      objectReference: {fileID: 0}
    - target: {fileID: 1831084017, guid: c5c9713c6b1bedb4289c631e0bbc29df, type: 3}
      propertyPath: m_IsTrigger
      value: 1
      objectReference: {fileID: 0}
    - target: {fileID: 44458395714686858, guid: c5c9713c6b1bedb4289c631e0bbc29df,
        type: 3}
      propertyPath: m_Name
      value: GlassPiece3
      objectReference: {fileID: 0}
    - target: {fileID: 44458395714686858, guid: c5c9713c6b1bedb4289c631e0bbc29df,
        type: 3}
      propertyPath: m_Layer
      value: 9
      objectReference: {fileID: 0}
    - target: {fileID: 44458395714686869, guid: c5c9713c6b1bedb4289c631e0bbc29df,
        type: 3}
      propertyPath: m_RootOrder
      value: 2
      objectReference: {fileID: 0}
    - target: {fileID: 44458395714686869, guid: c5c9713c6b1bedb4289c631e0bbc29df,
        type: 3}
      propertyPath: m_LocalScale.x
      value: 1
      objectReference: {fileID: 0}
    - target: {fileID: 44458395714686869, guid: c5c9713c6b1bedb4289c631e0bbc29df,
        type: 3}
      propertyPath: m_LocalScale.y
      value: 1
      objectReference: {fileID: 0}
    - target: {fileID: 44458395714686869, guid: c5c9713c6b1bedb4289c631e0bbc29df,
        type: 3}
      propertyPath: m_LocalScale.z
      value: 1
      objectReference: {fileID: 0}
    - target: {fileID: 44458395714686869, guid: c5c9713c6b1bedb4289c631e0bbc29df,
        type: 3}
      propertyPath: m_LocalPosition.x
      value: 9.34
      objectReference: {fileID: 0}
    - target: {fileID: 44458395714686869, guid: c5c9713c6b1bedb4289c631e0bbc29df,
        type: 3}
      propertyPath: m_LocalPosition.y
      value: 0
      objectReference: {fileID: 0}
    - target: {fileID: 44458395714686869, guid: c5c9713c6b1bedb4289c631e0bbc29df,
        type: 3}
      propertyPath: m_LocalPosition.z
      value: 25.43
      objectReference: {fileID: 0}
    - target: {fileID: 44458395714686869, guid: c5c9713c6b1bedb4289c631e0bbc29df,
        type: 3}
      propertyPath: m_LocalRotation.w
      value: 0.9570973
      objectReference: {fileID: 0}
    - target: {fileID: 44458395714686869, guid: c5c9713c6b1bedb4289c631e0bbc29df,
        type: 3}
      propertyPath: m_LocalRotation.x
      value: -0.2897668
      objectReference: {fileID: 0}
    - target: {fileID: 44458395714686869, guid: c5c9713c6b1bedb4289c631e0bbc29df,
        type: 3}
      propertyPath: m_LocalRotation.y
      value: -0
      objectReference: {fileID: 0}
    - target: {fileID: 44458395714686869, guid: c5c9713c6b1bedb4289c631e0bbc29df,
        type: 3}
      propertyPath: m_LocalRotation.z
      value: -0
      objectReference: {fileID: 0}
    - target: {fileID: 44458395714686869, guid: c5c9713c6b1bedb4289c631e0bbc29df,
        type: 3}
      propertyPath: m_LocalEulerAnglesHint.x
      value: -33.688
      objectReference: {fileID: 0}
    - target: {fileID: 44458395714686869, guid: c5c9713c6b1bedb4289c631e0bbc29df,
        type: 3}
      propertyPath: m_LocalEulerAnglesHint.y
      value: 0
      objectReference: {fileID: 0}
    - target: {fileID: 44458395714686869, guid: c5c9713c6b1bedb4289c631e0bbc29df,
        type: 3}
      propertyPath: m_LocalEulerAnglesHint.z
      value: 0
      objectReference: {fileID: 0}
    - target: {fileID: 3550908552300796609, guid: c5c9713c6b1bedb4289c631e0bbc29df,
        type: 3}
      propertyPath: m_Materials.Array.data[0]
      value: 
      objectReference: {fileID: 2100000, guid: 1ede7177e66f6b6459d07ae4ec1589b7, type: 2}
    - target: {fileID: 4659430546728458029, guid: c5c9713c6b1bedb4289c631e0bbc29df,
        type: 3}
      propertyPath: m_Mesh
      value: 
      objectReference: {fileID: 1093648578564457444, guid: ffe2f0daf4059d644be7af32e8d45c2a,
        type: 3}
    - target: {fileID: 8543835523216157185, guid: c5c9713c6b1bedb4289c631e0bbc29df,
        type: 3}
      propertyPath: m_Layer
      value: 12
      objectReference: {fileID: 0}
    m_RemovedComponents: []
  m_SourcePrefab: {fileID: 100100000, guid: c5c9713c6b1bedb4289c631e0bbc29df, type: 3}
--- !u!4 &1868732123296283983 stripped
Transform:
  m_CorrespondingSourceObject: {fileID: 44458395714686869, guid: c5c9713c6b1bedb4289c631e0bbc29df,
    type: 3}
  m_PrefabInstance: {fileID: 1833777982413746906}
  m_PrefabAsset: {fileID: 0}
--- !u!114 &1868732123296283982 stripped
MonoBehaviour:
  m_CorrespondingSourceObject: {fileID: 44458395714686868, guid: c5c9713c6b1bedb4289c631e0bbc29df,
    type: 3}
  m_PrefabInstance: {fileID: 1833777982413746906}
  m_PrefabAsset: {fileID: 0}
  m_GameObject: {fileID: 0}
  m_Enabled: 1
  m_EditorHideFlags: 0
  m_Script: {fileID: 11500000, guid: 521ff33f9f43a0349a58f638d79bc6cf, type: 3}
  m_Name: 
  m_EditorClassIdentifier: 
--- !u!1001 &2705689144891090293
PrefabInstance:
  m_ObjectHideFlags: 0
  serializedVersion: 2
  m_Modification:
    m_TransformParent: {fileID: 1868732125010265389}
    m_Modifications:
    - target: {fileID: 1432262178, guid: 30fd27f45bff9ed4fb6dccc82c94732f, type: 3}
      propertyPath: m_Size.x
      value: 0.038513184
      objectReference: {fileID: 0}
    - target: {fileID: 1432262178, guid: 30fd27f45bff9ed4fb6dccc82c94732f, type: 3}
      propertyPath: m_Size.y
      value: 0.40383857
      objectReference: {fileID: 0}
    - target: {fileID: 1432262178, guid: 30fd27f45bff9ed4fb6dccc82c94732f, type: 3}
      propertyPath: m_Size.z
      value: 0.3680483
      objectReference: {fileID: 0}
    - target: {fileID: 1432262178, guid: 30fd27f45bff9ed4fb6dccc82c94732f, type: 3}
      propertyPath: m_Center.x
      value: -0.0070495605
      objectReference: {fileID: 0}
    - target: {fileID: 1432262178, guid: 30fd27f45bff9ed4fb6dccc82c94732f, type: 3}
      propertyPath: m_Center.y
      value: -0.17454854
      objectReference: {fileID: 0}
    - target: {fileID: 1432262178, guid: 30fd27f45bff9ed4fb6dccc82c94732f, type: 3}
      propertyPath: m_Center.z
      value: 0.15204963
      objectReference: {fileID: 0}
    - target: {fileID: 1432262178, guid: 30fd27f45bff9ed4fb6dccc82c94732f, type: 3}
      propertyPath: m_IsTrigger
      value: 1
      objectReference: {fileID: 0}
    - target: {fileID: 4351488816721695210, guid: 30fd27f45bff9ed4fb6dccc82c94732f,
        type: 3}
      propertyPath: m_Name
      value: GlassPiece1
      objectReference: {fileID: 0}
    - target: {fileID: 4351488816721695210, guid: 30fd27f45bff9ed4fb6dccc82c94732f,
        type: 3}
      propertyPath: m_Layer
      value: 9
      objectReference: {fileID: 0}
    - target: {fileID: 4351488816721695211, guid: 30fd27f45bff9ed4fb6dccc82c94732f,
        type: 3}
      propertyPath: m_RootOrder
      value: 0
      objectReference: {fileID: 0}
    - target: {fileID: 4351488816721695211, guid: 30fd27f45bff9ed4fb6dccc82c94732f,
        type: 3}
      propertyPath: m_LocalScale.x
      value: 1
      objectReference: {fileID: 0}
    - target: {fileID: 4351488816721695211, guid: 30fd27f45bff9ed4fb6dccc82c94732f,
        type: 3}
      propertyPath: m_LocalScale.y
      value: 1
      objectReference: {fileID: 0}
    - target: {fileID: 4351488816721695211, guid: 30fd27f45bff9ed4fb6dccc82c94732f,
        type: 3}
      propertyPath: m_LocalScale.z
      value: 1
      objectReference: {fileID: 0}
    - target: {fileID: 4351488816721695211, guid: 30fd27f45bff9ed4fb6dccc82c94732f,
        type: 3}
      propertyPath: m_LocalPosition.x
      value: 9.34
      objectReference: {fileID: 0}
    - target: {fileID: 4351488816721695211, guid: 30fd27f45bff9ed4fb6dccc82c94732f,
        type: 3}
      propertyPath: m_LocalPosition.y
      value: 0
      objectReference: {fileID: 0}
    - target: {fileID: 4351488816721695211, guid: 30fd27f45bff9ed4fb6dccc82c94732f,
        type: 3}
      propertyPath: m_LocalPosition.z
      value: 25.43
      objectReference: {fileID: 0}
    - target: {fileID: 4351488816721695211, guid: 30fd27f45bff9ed4fb6dccc82c94732f,
        type: 3}
      propertyPath: m_LocalRotation.w
      value: 1
      objectReference: {fileID: 0}
    - target: {fileID: 4351488816721695211, guid: 30fd27f45bff9ed4fb6dccc82c94732f,
        type: 3}
      propertyPath: m_LocalRotation.x
      value: 0
      objectReference: {fileID: 0}
    - target: {fileID: 4351488816721695211, guid: 30fd27f45bff9ed4fb6dccc82c94732f,
        type: 3}
      propertyPath: m_LocalRotation.y
      value: 0
      objectReference: {fileID: 0}
    - target: {fileID: 4351488816721695211, guid: 30fd27f45bff9ed4fb6dccc82c94732f,
        type: 3}
      propertyPath: m_LocalRotation.z
      value: 0
      objectReference: {fileID: 0}
    - target: {fileID: 4351488816721695211, guid: 30fd27f45bff9ed4fb6dccc82c94732f,
        type: 3}
      propertyPath: m_LocalEulerAnglesHint.x
      value: 0
      objectReference: {fileID: 0}
    - target: {fileID: 4351488816721695211, guid: 30fd27f45bff9ed4fb6dccc82c94732f,
        type: 3}
      propertyPath: m_LocalEulerAnglesHint.y
      value: 0
      objectReference: {fileID: 0}
    - target: {fileID: 4351488816721695211, guid: 30fd27f45bff9ed4fb6dccc82c94732f,
        type: 3}
      propertyPath: m_LocalEulerAnglesHint.z
      value: 0
      objectReference: {fileID: 0}
    m_RemovedComponents: []
  m_SourcePrefab: {fileID: 100100000, guid: 30fd27f45bff9ed4fb6dccc82c94732f, type: 3}
--- !u!4 &1868732123693003934 stripped
Transform:
  m_CorrespondingSourceObject: {fileID: 4351488816721695211, guid: 30fd27f45bff9ed4fb6dccc82c94732f,
    type: 3}
  m_PrefabInstance: {fileID: 2705689144891090293}
  m_PrefabAsset: {fileID: 0}
--- !u!114 &1868732123693003933 stripped
MonoBehaviour:
  m_CorrespondingSourceObject: {fileID: 4351488816721695208, guid: 30fd27f45bff9ed4fb6dccc82c94732f,
    type: 3}
  m_PrefabInstance: {fileID: 2705689144891090293}
  m_PrefabAsset: {fileID: 0}
  m_GameObject: {fileID: 0}
  m_Enabled: 1
  m_EditorHideFlags: 0
  m_Script: {fileID: 11500000, guid: 521ff33f9f43a0349a58f638d79bc6cf, type: 3}
  m_Name: 
  m_EditorClassIdentifier: 
--- !u!1001 &8178356094109899445
PrefabInstance:
  m_ObjectHideFlags: 0
  serializedVersion: 2
  m_Modification:
    m_TransformParent: {fileID: 1868732125010265389}
    m_Modifications:
    - target: {fileID: 267369296, guid: 0da618e5aa107a94d8bb6011a703eb8a, type: 3}
      propertyPath: m_Size.x
      value: 0.39403477
      objectReference: {fileID: 0}
    - target: {fileID: 267369296, guid: 0da618e5aa107a94d8bb6011a703eb8a, type: 3}
      propertyPath: m_Size.y
      value: 0.06887281
      objectReference: {fileID: 0}
    - target: {fileID: 267369296, guid: 0da618e5aa107a94d8bb6011a703eb8a, type: 3}
      propertyPath: m_Size.z
      value: 0.4201126
      objectReference: {fileID: 0}
    - target: {fileID: 267369296, guid: 0da618e5aa107a94d8bb6011a703eb8a, type: 3}
      propertyPath: m_Center.x
      value: 0
      objectReference: {fileID: 0}
    - target: {fileID: 267369296, guid: 0da618e5aa107a94d8bb6011a703eb8a, type: 3}
      propertyPath: m_Center.y
      value: -0.0149207115
      objectReference: {fileID: 0}
    - target: {fileID: 267369296, guid: 0da618e5aa107a94d8bb6011a703eb8a, type: 3}
      propertyPath: m_Center.z
      value: -0.010017395
      objectReference: {fileID: 0}
    - target: {fileID: 267369296, guid: 0da618e5aa107a94d8bb6011a703eb8a, type: 3}
      propertyPath: m_IsTrigger
      value: 1
      objectReference: {fileID: 0}
    - target: {fileID: 463281710353825724, guid: 0da618e5aa107a94d8bb6011a703eb8a,
        type: 3}
      propertyPath: m_Materials.Array.data[0]
      value: 
      objectReference: {fileID: 2100000, guid: 1ede7177e66f6b6459d07ae4ec1589b7, type: 2}
    - target: {fileID: 4487293256033382683, guid: 0da618e5aa107a94d8bb6011a703eb8a,
        type: 3}
      propertyPath: m_LocalRotation.w
      value: 0.7071068
      objectReference: {fileID: 0}
    - target: {fileID: 4487293256033382683, guid: 0da618e5aa107a94d8bb6011a703eb8a,
        type: 3}
      propertyPath: m_LocalRotation.x
      value: 0.7071068
      objectReference: {fileID: 0}
    - target: {fileID: 4487293256033382683, guid: 0da618e5aa107a94d8bb6011a703eb8a,
        type: 3}
      propertyPath: m_LocalRotation.y
      value: 0
      objectReference: {fileID: 0}
    - target: {fileID: 4487293256033382683, guid: 0da618e5aa107a94d8bb6011a703eb8a,
        type: 3}
      propertyPath: m_LocalRotation.z
      value: 0
      objectReference: {fileID: 0}
    - target: {fileID: 4487293256033382683, guid: 0da618e5aa107a94d8bb6011a703eb8a,
        type: 3}
      propertyPath: m_LocalEulerAnglesHint.x
      value: 90
      objectReference: {fileID: 0}
    - target: {fileID: 5254544396340336484, guid: 0da618e5aa107a94d8bb6011a703eb8a,
        type: 3}
      propertyPath: m_Mesh
      value: 
      objectReference: {fileID: 7605459990090639789, guid: ef4c9e803134e3949aca972eb93c52d9,
        type: 3}
    - target: {fileID: 7245041187034297636, guid: 0da618e5aa107a94d8bb6011a703eb8a,
        type: 3}
      propertyPath: m_Layer
      value: 12
      objectReference: {fileID: 0}
    - target: {fileID: 7534604082082104132, guid: 0da618e5aa107a94d8bb6011a703eb8a,
        type: 3}
      propertyPath: m_Name
      value: GlassPiece4
      objectReference: {fileID: 0}
    - target: {fileID: 7534604082082104132, guid: 0da618e5aa107a94d8bb6011a703eb8a,
        type: 3}
      propertyPath: m_Layer
      value: 9
      objectReference: {fileID: 0}
    - target: {fileID: 7534604082082104133, guid: 0da618e5aa107a94d8bb6011a703eb8a,
        type: 3}
      propertyPath: m_RootOrder
      value: 3
      objectReference: {fileID: 0}
    - target: {fileID: 7534604082082104133, guid: 0da618e5aa107a94d8bb6011a703eb8a,
        type: 3}
      propertyPath: m_LocalScale.x
      value: 1
      objectReference: {fileID: 0}
    - target: {fileID: 7534604082082104133, guid: 0da618e5aa107a94d8bb6011a703eb8a,
        type: 3}
      propertyPath: m_LocalScale.y
      value: 1
      objectReference: {fileID: 0}
    - target: {fileID: 7534604082082104133, guid: 0da618e5aa107a94d8bb6011a703eb8a,
        type: 3}
      propertyPath: m_LocalScale.z
      value: 1
      objectReference: {fileID: 0}
    - target: {fileID: 7534604082082104133, guid: 0da618e5aa107a94d8bb6011a703eb8a,
        type: 3}
      propertyPath: m_LocalPosition.x
      value: 9.34
      objectReference: {fileID: 0}
    - target: {fileID: 7534604082082104133, guid: 0da618e5aa107a94d8bb6011a703eb8a,
        type: 3}
      propertyPath: m_LocalPosition.y
      value: 0
      objectReference: {fileID: 0}
    - target: {fileID: 7534604082082104133, guid: 0da618e5aa107a94d8bb6011a703eb8a,
        type: 3}
      propertyPath: m_LocalPosition.z
      value: 25.43
      objectReference: {fileID: 0}
    - target: {fileID: 7534604082082104133, guid: 0da618e5aa107a94d8bb6011a703eb8a,
        type: 3}
      propertyPath: m_LocalRotation.w
      value: 1
      objectReference: {fileID: 0}
    - target: {fileID: 7534604082082104133, guid: 0da618e5aa107a94d8bb6011a703eb8a,
        type: 3}
      propertyPath: m_LocalRotation.x
      value: 0
      objectReference: {fileID: 0}
    - target: {fileID: 7534604082082104133, guid: 0da618e5aa107a94d8bb6011a703eb8a,
        type: 3}
      propertyPath: m_LocalRotation.y
      value: 0
      objectReference: {fileID: 0}
    - target: {fileID: 7534604082082104133, guid: 0da618e5aa107a94d8bb6011a703eb8a,
        type: 3}
      propertyPath: m_LocalRotation.z
      value: 0
      objectReference: {fileID: 0}
    - target: {fileID: 7534604082082104133, guid: 0da618e5aa107a94d8bb6011a703eb8a,
        type: 3}
      propertyPath: m_LocalEulerAnglesHint.x
      value: 0
      objectReference: {fileID: 0}
    - target: {fileID: 7534604082082104133, guid: 0da618e5aa107a94d8bb6011a703eb8a,
        type: 3}
      propertyPath: m_LocalEulerAnglesHint.y
      value: 0
      objectReference: {fileID: 0}
    - target: {fileID: 7534604082082104133, guid: 0da618e5aa107a94d8bb6011a703eb8a,
        type: 3}
      propertyPath: m_LocalEulerAnglesHint.z
      value: 0
      objectReference: {fileID: 0}
    m_RemovedComponents: []
  m_SourcePrefab: {fileID: 100100000, guid: 0da618e5aa107a94d8bb6011a703eb8a, type: 3}
--- !u!4 &1868732124943882736 stripped
Transform:
  m_CorrespondingSourceObject: {fileID: 7534604082082104133, guid: 0da618e5aa107a94d8bb6011a703eb8a,
    type: 3}
  m_PrefabInstance: {fileID: 8178356094109899445}
  m_PrefabAsset: {fileID: 0}
--- !u!114 &1868732124943882735 stripped
MonoBehaviour:
  m_CorrespondingSourceObject: {fileID: 7534604082082104154, guid: 0da618e5aa107a94d8bb6011a703eb8a,
    type: 3}
  m_PrefabInstance: {fileID: 8178356094109899445}
  m_PrefabAsset: {fileID: 0}
  m_GameObject: {fileID: 0}
  m_Enabled: 1
  m_EditorHideFlags: 0
  m_Script: {fileID: 11500000, guid: 521ff33f9f43a0349a58f638d79bc6cf, type: 3}
  m_Name: 
  m_EditorClassIdentifier: 
--- !u!1001 &8690516205852388104
PrefabInstance:
  m_ObjectHideFlags: 0
  serializedVersion: 2
  m_Modification:
    m_TransformParent: {fileID: 1868732125010265389}
    m_Modifications:
    - target: {fileID: 1465099171, guid: 98cc4d06889aa8b45ac0e21d40ef7b07, type: 3}
      propertyPath: m_Size.x
      value: 0.37919128
      objectReference: {fileID: 0}
    - target: {fileID: 1465099171, guid: 98cc4d06889aa8b45ac0e21d40ef7b07, type: 3}
      propertyPath: m_Size.y
      value: 0.4658271
      objectReference: {fileID: 0}
    - target: {fileID: 1465099171, guid: 98cc4d06889aa8b45ac0e21d40ef7b07, type: 3}
      propertyPath: m_Size.z
      value: 0.04372789
      objectReference: {fileID: 0}
    - target: {fileID: 1465099171, guid: 98cc4d06889aa8b45ac0e21d40ef7b07, type: 3}
      propertyPath: m_Center.x
      value: -0.15933298
      objectReference: {fileID: 0}
    - target: {fileID: 1465099171, guid: 98cc4d06889aa8b45ac0e21d40ef7b07, type: 3}
      propertyPath: m_Center.y
      value: -0.4974812
      objectReference: {fileID: 0}
    - target: {fileID: 1465099171, guid: 98cc4d06889aa8b45ac0e21d40ef7b07, type: 3}
      propertyPath: m_Center.z
      value: 0.041192804
      objectReference: {fileID: 0}
    - target: {fileID: 1465099171, guid: 98cc4d06889aa8b45ac0e21d40ef7b07, type: 3}
      propertyPath: m_IsTrigger
      value: 1
      objectReference: {fileID: 0}
    - target: {fileID: 2393082994430302303, guid: 98cc4d06889aa8b45ac0e21d40ef7b07,
        type: 3}
      propertyPath: m_Layer
      value: 12
      objectReference: {fileID: 0}
    - target: {fileID: 2481629451677909842, guid: 98cc4d06889aa8b45ac0e21d40ef7b07,
        type: 3}
      propertyPath: m_Mesh
      value: 
      objectReference: {fileID: 1055364091163497976, guid: 04c8d73437e65c042ae3cf2cc9ec2b58,
        type: 3}
    - target: {fileID: 3422189020775177486, guid: 98cc4d06889aa8b45ac0e21d40ef7b07,
        type: 3}
      propertyPath: m_Materials.Array.data[0]
      value: 
      objectReference: {fileID: 2100000, guid: 1ede7177e66f6b6459d07ae4ec1589b7, type: 2}
    - target: {fileID: 4064835536031085193, guid: 98cc4d06889aa8b45ac0e21d40ef7b07,
        type: 3}
      propertyPath: m_Name
      value: GlassPiece2
      objectReference: {fileID: 0}
    - target: {fileID: 4064835536031085193, guid: 98cc4d06889aa8b45ac0e21d40ef7b07,
        type: 3}
      propertyPath: m_Layer
      value: 9
      objectReference: {fileID: 0}
    - target: {fileID: 4064835536031085194, guid: 98cc4d06889aa8b45ac0e21d40ef7b07,
        type: 3}
      propertyPath: m_RootOrder
      value: 1
      objectReference: {fileID: 0}
    - target: {fileID: 4064835536031085194, guid: 98cc4d06889aa8b45ac0e21d40ef7b07,
        type: 3}
      propertyPath: m_LocalScale.x
      value: 1
      objectReference: {fileID: 0}
    - target: {fileID: 4064835536031085194, guid: 98cc4d06889aa8b45ac0e21d40ef7b07,
        type: 3}
      propertyPath: m_LocalScale.y
      value: 1
      objectReference: {fileID: 0}
    - target: {fileID: 4064835536031085194, guid: 98cc4d06889aa8b45ac0e21d40ef7b07,
        type: 3}
      propertyPath: m_LocalScale.z
      value: 1
      objectReference: {fileID: 0}
    - target: {fileID: 4064835536031085194, guid: 98cc4d06889aa8b45ac0e21d40ef7b07,
        type: 3}
      propertyPath: m_LocalPosition.x
      value: 9.34
      objectReference: {fileID: 0}
    - target: {fileID: 4064835536031085194, guid: 98cc4d06889aa8b45ac0e21d40ef7b07,
        type: 3}
      propertyPath: m_LocalPosition.y
      value: 0
      objectReference: {fileID: 0}
    - target: {fileID: 4064835536031085194, guid: 98cc4d06889aa8b45ac0e21d40ef7b07,
        type: 3}
      propertyPath: m_LocalPosition.z
      value: 25.43
      objectReference: {fileID: 0}
    - target: {fileID: 4064835536031085194, guid: 98cc4d06889aa8b45ac0e21d40ef7b07,
        type: 3}
      propertyPath: m_LocalRotation.w
      value: 0.6939591
      objectReference: {fileID: 0}
    - target: {fileID: 4064835536031085194, guid: 98cc4d06889aa8b45ac0e21d40ef7b07,
        type: 3}
      propertyPath: m_LocalRotation.x
      value: -0.13572325
      objectReference: {fileID: 0}
    - target: {fileID: 4064835536031085194, guid: 98cc4d06889aa8b45ac0e21d40ef7b07,
        type: 3}
      propertyPath: m_LocalRotation.y
      value: 0.6939591
      objectReference: {fileID: 0}
    - target: {fileID: 4064835536031085194, guid: 98cc4d06889aa8b45ac0e21d40ef7b07,
        type: 3}
      propertyPath: m_LocalRotation.z
      value: 0.13572328
      objectReference: {fileID: 0}
    - target: {fileID: 4064835536031085194, guid: 98cc4d06889aa8b45ac0e21d40ef7b07,
        type: 3}
      propertyPath: m_LocalEulerAnglesHint.x
      value: -22.132002
      objectReference: {fileID: 0}
    - target: {fileID: 4064835536031085194, guid: 98cc4d06889aa8b45ac0e21d40ef7b07,
        type: 3}
      propertyPath: m_LocalEulerAnglesHint.y
      value: 90.00001
      objectReference: {fileID: 0}
    - target: {fileID: 4064835536031085194, guid: 98cc4d06889aa8b45ac0e21d40ef7b07,
        type: 3}
      propertyPath: m_LocalEulerAnglesHint.z
      value: 0
      objectReference: {fileID: 0}
    m_RemovedComponents: []
  m_SourcePrefab: {fileID: 100100000, guid: 98cc4d06889aa8b45ac0e21d40ef7b07, type: 3}
--- !u!4 &4680322017493195138 stripped
Transform:
  m_CorrespondingSourceObject: {fileID: 4064835536031085194, guid: 98cc4d06889aa8b45ac0e21d40ef7b07,
    type: 3}
  m_PrefabInstance: {fileID: 8690516205852388104}
  m_PrefabAsset: {fileID: 0}
--- !u!114 &4680322017493195139 stripped
MonoBehaviour:
  m_CorrespondingSourceObject: {fileID: 4064835536031085195, guid: 98cc4d06889aa8b45ac0e21d40ef7b07,
    type: 3}
  m_PrefabInstance: {fileID: 8690516205852388104}
  m_PrefabAsset: {fileID: 0}
  m_GameObject: {fileID: 0}
  m_Enabled: 1
  m_EditorHideFlags: 0
  m_Script: {fileID: 11500000, guid: 521ff33f9f43a0349a58f638d79bc6cf, type: 3}
  m_Name: 
  m_EditorClassIdentifier: 
