%YAML 1.1
%TAG !u! tag:unity3d.com,2011:
--- !u!1 &5983235019823512108
GameObject:
  m_ObjectHideFlags: 0
  m_CorrespondingSourceObject: {fileID: 0}
  m_PrefabInstance: {fileID: 0}
  m_PrefabAsset: {fileID: 0}
  serializedVersion: 6
  m_Component:
  - component: {fileID: 5983235019823512111}
  - component: {fileID: 5983235019823512107}
  - component: {fileID: 5983235019823512104}
  - component: {fileID: 6521854987720459181}
  - component: {fileID: 6521854987720459180}
  m_Layer: 9
  m_Name: LockedDoor
  m_TagString: Untagged
  m_Icon: {fileID: 0}
  m_NavMeshLayer: 0
  m_StaticEditorFlags: 0
  m_IsActive: 1
--- !u!4 &5983235019823512111
Transform:
  m_ObjectHideFlags: 0
  m_CorrespondingSourceObject: {fileID: 0}
  m_PrefabInstance: {fileID: 0}
  m_PrefabAsset: {fileID: 0}
  m_GameObject: {fileID: 5983235019823512108}
  m_LocalRotation: {x: 0, y: 0.7071068, z: 0, w: 0.7071068}
  m_LocalPosition: {x: -18.53, y: 8.248056, z: 34}
  m_LocalScale: {x: 1, y: 1, z: 1}
  m_Children:
  - {fileID: 5657529627269928655}
  m_Father: {fileID: 0}
  m_RootOrder: 0
  m_LocalEulerAnglesHint: {x: 0, y: 90, z: 0}
--- !u!54 &5983235019823512107
Rigidbody:
  m_ObjectHideFlags: 0
  m_CorrespondingSourceObject: {fileID: 0}
  m_PrefabInstance: {fileID: 0}
  m_PrefabAsset: {fileID: 0}
  m_GameObject: {fileID: 5983235019823512108}
  serializedVersion: 2
  m_Mass: 1
  m_Drag: 0
  m_AngularDrag: 0.05
  m_UseGravity: 0
  m_IsKinematic: 1
  m_Interpolate: 0
  m_Constraints: 14
  m_CollisionDetection: 0
--- !u!65 &5983235019823512104
BoxCollider:
  m_ObjectHideFlags: 0
  m_CorrespondingSourceObject: {fileID: 0}
  m_PrefabInstance: {fileID: 0}
  m_PrefabAsset: {fileID: 0}
  m_GameObject: {fileID: 5983235019823512108}
  m_Material: {fileID: 0}
  m_IsTrigger: 0
  m_Enabled: 1
  serializedVersion: 2
  m_Size: {x: 0.877512, y: 1.8257713, z: 0.15241235}
  m_Center: {x: -0.012032509, y: 0.8910246, z: 0.009339977}
--- !u!65 &6521854987720459181
BoxCollider:
  m_ObjectHideFlags: 0
  m_CorrespondingSourceObject: {fileID: 0}
  m_PrefabInstance: {fileID: 0}
  m_PrefabAsset: {fileID: 0}
  m_GameObject: {fileID: 5983235019823512108}
  m_Material: {fileID: 0}
  m_IsTrigger: 1
  m_Enabled: 1
  serializedVersion: 2
  m_Size: {x: 1.9127645, y: 0.54124, z: 0.9410306}
  m_Center: {x: 0.10837364, y: 0.22938001, z: 0.5806754}
--- !u!114 &6521854987720459180
MonoBehaviour:
  m_ObjectHideFlags: 0
  m_CorrespondingSourceObject: {fileID: 0}
  m_PrefabInstance: {fileID: 0}
  m_PrefabAsset: {fileID: 0}
  m_GameObject: {fileID: 5983235019823512108}
  m_Enabled: 1
  m_EditorHideFlags: 0
  m_Script: {fileID: 11500000, guid: 3ac69d3ea4c802243ae47c4e1e3f3428, type: 3}
  m_Name: 
  m_EditorClassIdentifier: 
--- !u!1001 &5983235018873480268
PrefabInstance:
  m_ObjectHideFlags: 0
  serializedVersion: 2
  m_Modification:
    m_TransformParent: {fileID: 5983235019823512111}
    m_Modifications:
    - target: {fileID: 1639588546345822265, guid: 494dad439fa4c424e88164e19a921b00,
        type: 3}
      propertyPath: m_Name
      value: door-1
      objectReference: {fileID: 0}
    - target: {fileID: 1639588546345822265, guid: 494dad439fa4c424e88164e19a921b00,
        type: 3}
      propertyPath: m_Layer
      value: 9
      objectReference: {fileID: 0}
    - target: {fileID: 1902610197360662033, guid: 494dad439fa4c424e88164e19a921b00,
        type: 3}
      propertyPath: m_Layer
      value: 9
      objectReference: {fileID: 0}
    - target: {fileID: 2128845500115169923, guid: 494dad439fa4c424e88164e19a921b00,
        type: 3}
      propertyPath: m_LocalPosition.x
      value: 0
      objectReference: {fileID: 0}
    - target: {fileID: 2128845500115169923, guid: 494dad439fa4c424e88164e19a921b00,
        type: 3}
      propertyPath: m_LocalPosition.y
      value: 0
      objectReference: {fileID: 0}
    - target: {fileID: 2128845500115169923, guid: 494dad439fa4c424e88164e19a921b00,
        type: 3}
      propertyPath: m_LocalPosition.z
      value: 0
      objectReference: {fileID: 0}
    - target: {fileID: 2128845500115169923, guid: 494dad439fa4c424e88164e19a921b00,
        type: 3}
      propertyPath: m_LocalRotation.x
      value: -0
      objectReference: {fileID: 0}
    - target: {fileID: 2128845500115169923, guid: 494dad439fa4c424e88164e19a921b00,
        type: 3}
      propertyPath: m_LocalRotation.y
      value: -0
      objectReference: {fileID: 0}
    - target: {fileID: 2128845500115169923, guid: 494dad439fa4c424e88164e19a921b00,
        type: 3}
      propertyPath: m_LocalRotation.z
      value: -0
      objectReference: {fileID: 0}
    - target: {fileID: 2128845500115169923, guid: 494dad439fa4c424e88164e19a921b00,
        type: 3}
      propertyPath: m_LocalRotation.w
      value: 1
      objectReference: {fileID: 0}
    - target: {fileID: 2128845500115169923, guid: 494dad439fa4c424e88164e19a921b00,
        type: 3}
      propertyPath: m_RootOrder
      value: 0
      objectReference: {fileID: 0}
    - target: {fileID: 2128845500115169923, guid: 494dad439fa4c424e88164e19a921b00,
        type: 3}
      propertyPath: m_LocalEulerAnglesHint.x
      value: 0
      objectReference: {fileID: 0}
    - target: {fileID: 2128845500115169923, guid: 494dad439fa4c424e88164e19a921b00,
        type: 3}
      propertyPath: m_LocalEulerAnglesHint.y
      value: 0
      objectReference: {fileID: 0}
    - target: {fileID: 2128845500115169923, guid: 494dad439fa4c424e88164e19a921b00,
        type: 3}
      propertyPath: m_LocalEulerAnglesHint.z
      value: 0
      objectReference: {fileID: 0}
    - target: {fileID: 8229178243736699886, guid: 494dad439fa4c424e88164e19a921b00,
        type: 3}
      propertyPath: m_Layer
      value: 9
      objectReference: {fileID: 0}
    m_RemovedComponents: []
  m_SourcePrefab: {fileID: 100100000, guid: 494dad439fa4c424e88164e19a921b00, type: 3}
--- !u!4 &5657529627269928655 stripped
Transform:
  m_CorrespondingSourceObject: {fileID: 2128845500115169923, guid: 494dad439fa4c424e88164e19a921b00,
    type: 3}
  m_PrefabInstance: {fileID: 5983235018873480268}
  m_PrefabAsset: {fileID: 0}
